@misc{nedelkoski2020selfsupervised,
      title={Self-Supervised Log Parsing}, 
      author={Sasho Nedelkoski and Jasmin Bogatinovski and Alexander Acker and Jorge Cardoso and Odej Kao},
      year={2020},
      eprint={2003.07905},
      archivePrefix={arXiv},
      primaryClass={cs.LG}
}

@misc{bogatinovski2021multisource,
      title={Multi-Source Anomaly Detection in Distributed IT Systems}, 
      author={Jasmin Bogatinovski and Sasho Nedelkoski},
      year={2021},
      eprint={2101.04977},
      archivePrefix={arXiv},
      primaryClass={cs.LG}
}


@misc{witterauf2021domainml,
      title={DomainML - A Modular Framework for Domain Knowledge Guided Machine Learning}, 
      author={Lena Witterauf},
      year={2021}
}

@misc{zhu2019tools,
      title={Tools and Benchmarks for Automated Log Parsing}, 
      author={Jieming Zhu and Shilin He and Jinyang Liu and Pinjia He and Qi Xie and Zibin Zheng and Michael R. Lyu},
      year={2019},
      eprint={1811.03509},
      archivePrefix={arXiv},
      primaryClass={cs.SE}
}
@misc{drainrepo,
  howpublished = {\url{https://appsrv.cse.cuhk.edu.hk/~pjhe/Drain.py}},
  }
@misc{thunderbirdSampleLogs,
    howpublished = {\url{https://github.com/logpai/loghub/blob/master/Thunderbird/Thunderbird_2k.log}}
    }
    
@misc{bahdanau2016neural,
      title={Neural Machine Translation by Jointly Learning to Align and Translate}, 
      author={Dzmitry Bahdanau and Kyunghyun Cho and Yoshua Bengio},
      year={2016},
      eprint={1409.0473},
      archivePrefix={arXiv},
      primaryClass={cs.CL}
}
@InProceedings{10.1007/978-3-030-44769-4_13,
author="Nedelkoski, Sasho
and Bogatinovski, Jasmin
and Mandapati, Ajay Kumar
and Becker, Soeren
and Cardoso, Jorge
and Kao, Odej",
editor="Brogi, Antonio
and Zimmermann, Wolf
and Kritikos, Kyriakos",
title="Multi-source Distributed System Data for AI-Powered Analytics",
booktitle="Service-Oriented and Cloud Computing",
year="2020",
publisher="Springer International Publishing",
address="Cham",
pages="161--176",
isbn="978-3-030-44769-4"
}


@misc{vaswani2017attention,
      title={Attention Is All You Need}, 
      author={Ashish Vaswani and Noam Shazeer and Niki Parmar and Jakob Uszkoreit and Llion Jones and Aidan N. Gomez and Lukasz Kaiser and Illia Polosukhin},
      year={2017},
      eprint={1706.03762},
      archivePrefix={arXiv},
      primaryClass={cs.CL}
}

@misc{gholamian2022comprehensive,
      title={A Comprehensive Survey of Logging in Software: From Logging Statements Automation to Log Mining and Analysis}, 
      author={Sina Gholamian and Paul A. S. Ward},
      year={2022},
      eprint={2110.12489},
      archivePrefix={arXiv},
      primaryClass={cs.SE}
}

@INPROCEEDINGS{spell,
  author={Du, Min and Li, Feifei},
  booktitle={2016 IEEE 16th International Conference on Data Mining (ICDM)}, 
  title={Spell: Streaming Parsing of System Event Logs}, 
  year={2016},
  volume={},
  number={},
  pages={859-864},
  doi={10.1109/ICDM.2016.0103}
}




@INPROCEEDINGS{drain,
  author={He, Pinjia and Zhu, Jieming and Zheng, Zibin and Lyu, Michael R.},
  booktitle={2017 IEEE International Conference on Web Services (ICWS)}, 
  title={Drain: An Online Log Parsing Approach with Fixed Depth Tree}, 
  year={2017},
  volume={},
  number={},
  pages={33-40},
  doi={10.1109/ICWS.2017.13}
}




@inproceedings{choi2017gram,
  title={GRAM: graph-based attention model for healthcare representation learning},
  author={Choi, Edward and Bahadori, Mohammad Taha and Song, Le and Stewart, Walter F and Sun, Jimeng},
  booktitle={Proceedings of the 23rd ACM SIGKDD international conference on knowledge discovery and data mining},
  pages={787--795},
  year={2017}
}

@inproceedings{icd9,
author = {Vukicevic, Milan and Radovanovic, Sandro and Stiglic, Gregor and Delibašić, Boris and Van Poucke, Sven and Obradovic, Zoran},
year = {2016},
month = {05},
pages = {},
title = {A Data and Knowledge Driven Randomization Technique for Privacy-Preserving Data Enrichment in Hospital Readmission Prediction.}
}
